%% This BibTeX bibliography file was created using BibDesk.
%% http://bibdesk.sourceforge.net/


%% Created for Michal Ramsza at 2018-02-05 18:21:06 +0100 


%% Saved with string encoding Unicode (UTF-8) 



@article{Roth:1993aa,
	Author = {Roth, Alvin E},
	Date-Added = {2018-02-05 17:20:38 +0000},
	Date-Modified = {2018-02-05 17:20:49 +0000},
	Journal = {Journal of the History of Economic Thought},
	Number = {2},
	Pages = {184--209},
	Publisher = {Cambridge University Press},
	Title = {The early history of experimental economics},
	Volume = {15},
	Year = {1993}}

@article{benaim2003,
	Author = {M. Benaim and J. W. Weibull},
	Journal = {Econometrica},
	Pages = {873--903},
	Title = {Deterministic approximation of stochastic evolution in games},
	Volume = {71},
	Year = {2003}}

@article{osborne1998,
	Author = {M. Osborne and A. Rubinstein},
	Journal = {American Economic Review},
	Pages = {834--847},
	Title = {Games with procedurally rational players},
	Volume = {88},
	Year = {1998}}

@book{garland2010,
	Author = {G. S. Tucker},
	Publisher = {Emerald Book},
	Title = {The High Tide of American Conservatism: Davis, Coolidge, and the 1924 Election},
	Year = {2010}}
